@article{Karp2017,
    author = {Karp, Jerome M. AND Sparks, Samuel AND Cowburn, David},
    journal = {PLOS Computational Biology},
    publisher = {Public Library of Science},
    title = {Effects of FGFR2 kinase activation loop dynamics on catalytic activity},
    year = {2017},
    month = {02},
    volume = {13},
    pages = {1-22}
}